@Article{Berger_1993,
  doi = {10.1080/01621459.1993.10476426},
  url = {http://dx.doi.org/10.1080/01621459.1993.10476426},
  year = {1993},
  month = {dec},
  publisher = {Informa {UK} Limited},
  volume = {88},
  number = {424},
  pages = {1412--1418},
  author = {James O. Berger and Dongchu Sun},
  title = {Bayesian Analysis for the Poly-Weibull Distribution},
  journal = {Journal of the American Statistical Association},
}

@Manual{Boettiger_2015,
  title = {knitcitations: Citations for 'Knitr' Markdown Files},
  author = {Carl Boettiger},
  year = {2015},
  note = {R package version 1.0.7},
  url = {https://CRAN.R-project.org/package=knitcitations},
}
