@Manual{,
    title = {R: A Language and Environment for Statistical Computing},
    author = {{R Core Team}},
    organization = {R Foundation for Statistical Computing},
    address = {Vienna, Austria},
    year = {2016},
    url = {https://www.R-project.org/},
  }

@Book{meeker_statistical_1998,
  address = {New York},
  series = {Wiley series in probability and statistics. {Applied} probability and statistics section},
  title = {Statistical methods for reliability data},
  isbn = {978-0-471-14328-4},
  publisher = {Wiley},
  author = {William Q. Meeker and Luis A. Escobar},
  year = {1998},
  keywords = {Reliability (Engineering), Statistical methods},
  annote = {{"}A Wiley-Interscience publication.{"}},
}
