@Article{Patel_2011,
  doi = {10.1056/nejmoa1009638},
  url = {http://dx.doi.org/10.1056/NEJMoa1009638},
  year = {2011},
  month = {sep},
  publisher = {New England Journal of Medicine ({NEJM}/{MMS})},
  volume = {365},
  number = {10},
  pages = {883--891},
  author = {Manesh R. Patel and Kenneth W. Mahaffey and Jyotsna Garg and Guohua Pan and Daniel E. Singer and Werner Hacke and G{\"u}nter Breithardt and Jonathan L. Halperin and Graeme J. Hankey and Jonathan P. Piccini and Richard C. Becker and Christopher C. Nessel and John F. Paolini and Scott D. Berkowitz and Keith A.A. Fox and Robert M. Califf},
  title = {Rivaroxaban versus Warfarin in Nonvalvular Atrial Fibrillation},
  journal = {New England Journal of Medicine},
}
